@article{wiki2016wiki,
  title={Discrete cosine transform},
  author={WikiPedia},
  journal={WikiPedia, the Free Encyclopedia},
  year={2016},
  url={https://en.wikipedia.org/wiki/Discrete_cosine_transform}
}
