@article{wiki2016,
  title={Discrete cosine transform},
  author={WikiPedia},
  journal={WikiPedia, the Free Encyclopedia},
  year={2016}
}
